@article{nakamoto2008re,
  title     = {Re: Bitcoin P2P e-cash paper},
  author    = {Nakamoto, Satoshi},
  journal   = {The Cryptography Mailing List},
  year      = {2008},
  publisher = {Nakamoto Institute Austin, TX, USA}
}